
   <record>
      <leader>00000nz  a2200000nc 4500</leader>
      <controlfield tag="001">institutions/30005662</controlfield>
      <controlfield tag="003">DE-633</controlfield>
      <controlfield tag="005">20250730093451.0</controlfield>
      <controlfield tag="008">161109||||z|||a|||||||||||||||||n||||||d</controlfield>
      <datafield tag="024" ind1="7" ind2=" ">
         <subfield code="a">IRL-Dc</subfield>
         <subfield code="q">siglum</subfield>
         <subfield code="2">rism</subfield>
      </datafield>
      <datafield tag="040" ind1=" " ind2=" ">
         <subfield code="a">DE-633</subfield>
         <subfield code="c">DE-633</subfield>
         <subfield code="e">rismg</subfield>
      </datafield>
      <datafield tag="043" ind1=" " ind2=" ">
         <subfield code="c">XA-IE</subfield>
      </datafield>
      <datafield tag="110" ind1="1" ind2=" ">
         <subfield code="a">Irish Contemporary Music Centre</subfield>
         <subfield code="c">Dublin</subfield>
         <subfield code="g">IRL-Dc</subfield>
      </datafield>
      <datafield tag="368" ind1=" " ind2=" ">
         <subfield code="a">Library</subfield>
      </datafield>
      <datafield tag="371" ind1=" " ind2=" ">
         <subfield code="a">Contemporary Music Centre, 95 Lr. Baggot Street, Dublin 4  (=Baile, Átha Cliath)</subfield>
         <subfield code="u">http://www.cmc.ie</subfield>
      </datafield>
      <datafield tag="551" ind1="1" ind2=" ">
         <subfield code="a">Dublin</subfield>
         <subfield code="0">places/3902148</subfield>
      </datafield>
   </record>