
   <record>
      <leader>00000nz  a2200000nc 4500</leader>
      <controlfield tag="001">institutions/30070481</controlfield>
      <controlfield tag="003">DE-633</controlfield>
      <controlfield tag="005">20250620052107.0</controlfield>
      <controlfield tag="008">161109||||z|||a|||||||||||||||||n||||||d</controlfield>
      <datafield tag="024" ind1="7" ind2=" ">
         <subfield code="a">IRL-Dp</subfield>
         <subfield code="q">siglum</subfield>
         <subfield code="2">rism</subfield>
      </datafield>
      <datafield tag="034" ind1="1" ind2=" ">
         <subfield code="d">-6.245204530584873</subfield>
         <subfield code="f">53.343146185321366</subfield>
      </datafield>
      <datafield tag="040" ind1=" " ind2=" ">
         <subfield code="a">DE-633</subfield>
         <subfield code="c">DE-633</subfield>
         <subfield code="e">rismg</subfield>
      </datafield>
      <datafield tag="043" ind1=" " ind2=" ">
         <subfield code="c">XA-IE</subfield>
      </datafield>
      <datafield tag="110" ind1="1" ind2=" ">
         <subfield code="a">Dublin City Libraries, Pearse Street Library</subfield>
         <subfield code="c">Dublin</subfield>
         <subfield code="g">IRL-Dp</subfield>
      </datafield>
      <datafield tag="368" ind1=" " ind2=" ">
         <subfield code="a">Institution</subfield>
         <subfield code="a">Library</subfield>
      </datafield>
      <datafield tag="371" ind1=" " ind2=" ">
         <subfield code="a">138-144 Pearse Street</subfield>
         <subfield code="a">Dublin 2</subfield>
         <subfield code="b">Co. Dublin D02 HE37</subfield>
         <subfield code="d">Ireland</subfield>
         <subfield code="m">pearsestreetlibrary@dublincity.ie</subfield>
         <subfield code="u">https://www.dublincity.ie/residential/libraries/find-library/pearse-street-library</subfield>
         <subfield code="z">tel: +353 / 01 / 674 4888</subfield>
      </datafield>
      <datafield tag="551" ind1="1" ind2=" ">
         <subfield code="a">Dublin</subfield>
         <subfield code="0">places/3902148</subfield>
      </datafield>
   </record>